@online{programming_paradigm_wikipedia,
  title    = {Programming paradigm - Wikipedia},
  url      = {https://en.wikipedia.org/wiki/Programming_paradigm},
  addendum = {(accessed: 12.06.2023)}
}

@online{lambda_calculus_wikipedia,
  title    = {Lambda calculus - Wikipedia},
  url      = {https://en.wikipedia.org/wiki/Lambda_calculus},
  addendum = {(accessed: 12.09.2023)}
}

@online{curry_howard_wikipedia,
  title    = {Curryâ€“Howard correspondence - Wikipedia},
  url      = {https://en.wikipedia.org/wiki/Curry%E2%80%93Howard_correspondence#Curry%E2%80%93Howard%E2%80%93Lambek_correspondence},
  addendum = {(accessed: 12.09.2023)}
}

@online{computational_trilogy_nlab,
  title    = {computational trilogy in nLab},
  url      = {https://ncatlab.org/nlab/show/computational+trilogy},
  addendum = {(accessed: 12.09.2023)}
}

@online{wadlers_law_haskellwiki,
  title    = {Wadler's Law - HaskellWiki},
  url      = {https://wiki.haskell.org/Wadler's_Law},
  addendum = {(accessed: 12.10.2023)}
}
